
@Manual{ggfortify,
    title = {ggfortify: Data Visualization Tools for Statistical Analysis Results},
    author = {Masaaki Horikoshi and Yuan Tang},
    year = {2015},
    note = {R package version 0.1.0},
    url = {http://CRAN.R-project.org/package=ggfortify},
  }

@Book{lattice,
    title = {Lattice: Multivariate Data Visualization with R},
    author = {Deepayan Sarkar},
    publisher = {Springer},
    address = {New York},
    year = {2008},
    note = {ISBN 978-0-387-75968-5},
    url = {http://lmdvr.r-forge.r-project.org},
  }

@Manual{ggiraph,
    title = {ggiraph: Make 'ggplot2' Graphics Interactive},
    author = {David Gohel},
    year = {2017},
    note = {R package version 0.4.2},
    url = {https://CRAN.R-project.org/package=ggiraph},
  }

@Manual{d3r,
    title = {d3r: 'd3.js' Utilities for R},
    author = {Mike Bostock and Kent Russell and Gregor Aisch and Adam Pearce},
    year = {2017},
    note = {R package version 0.7.1},
    url = {https://CRAN.R-project.org/package=d3r},
  }
  
@Manual{plotly,
    title = {plotly: Create Interactive Web Graphics via 'plotly.js'},
    author = {Carson Sievert and Chris Parmer and Toby Hocking and Scott Chamberlain and Karthik Ram and Marianne Corvellec and Pedro Despouy},
    note = {https://plot.ly/r, https://cpsievert.github.io/plotly_book/, https://github.com/ropensci/plotly#readme},
  }
  
@Manual{autoplotly,
    title = {autoplotly: Automatic Generation of Interactive Visualizations for Popular Statistical Results},
    author = {Yuan Tang},
    note = {R package version 0.1.0},
    url = {https://github.com/terrytangyuan/autoplotly},
  }

@Manual{shiny,
    title = {shiny: Web Application Framework for R},
    author = {Winston Chang and Joe Cheng and JJ Allaire and Yihui Xie and Jonathan McPherson},
    year = {2017},
    note = {R package version 1.0.5},
    url = {https://CRAN.R-project.org/package=shiny},
  }
  
@book{wickham2009ggplot2,
  title={ggplot2: Elegant Graphics for Data Analysis},
  author={Wickham, Hadley},
  year={2009},
  publisher={Springer Science \& Business Media}
}
  
@Article{rjggfortify,
  author = {Yuan Tang and Masaaki Horikoshi and Wenxuan Li},
  title = {ggfortify: Unified Interface to Visualize Statistical Result of Popular R Packages},
  journal = {The R Journal},
  year = {2016},
  issue = {2},
  volume = {8},
  url = {https://journal.r-project.org/},
}

@Manual{forecast,
  title = {{forecast}: Forecasting functions for time series and linear models},
  author = {Rob J Hyndman},
  year = {2015},
  note = {R package version 6.2},
  url = {http://github.com/robjhyndman/forecast},
}

@Manual{changepoint,
  title = {{changepoint}: An {R} package for changepoint analysis},
  author = {Rebecca Killick and Kaylea Haynes and Idris A. Eckley},
  year = {2016},
  url = {http://CRAN.R-project.org/package=changepoint},
  note = {R package version 2.2.1},
}

@Article{strucchange,
  title = {strucchange: An {R} Package for Testing
                  for Structural Change in Linear Regression Models},
  author = {Achim Zeileis and Friedrich Leisch and Kurt Hornik and Christian Kleiber},
  journal = {Journal of Statistical Software},
  year = {2002},
  volume = {7},
  number = {2},
  pages = {1--38},
  url = {http://www.jstatsoft.org/v07/i02/},
}

@Article{dlm,
  title = {An {R} Package for Dynamic Linear Models},
  author = {Giovanni Petris},
  journal = {Journal of Statistical Software},
  year = {2010},
  volume = {36},
  number = {12},
  pages = {1--16},
  url = {http://www.jstatsoft.org/v36/i12/},
}
